@inproceedings{khemlani2007ducks,
  title={Do ducks lay eggs? How people interpret generic assertions},
  author={Khemlani, Sangeet and Leslie, Sarah-Jane and Glucksberg, Sam and Fernandez, Paula Rubio},
  booktitle={Proceedings of the Annual Meeting of the Cognitive Science Society},
  link={https://escholarship.org/content/qt4tm460rm/qt4tm460rm.pdf},
  volume={29},
  number={29},
  year={2007}
}


@article{cimpian2010generic,
  title={Generic statements require little evidence for acceptance but have powerful implications},
  author={Cimpian, Andrei and Brandone, Amanda C and Gelman, Susan A},
  journal={Cognitive science},
  volume={34},
  number={8},
  pages={1452--1482},
  year={2010},
  doi = {10.1111/j.1551-6709.2010.01126.x},
  publisher={Wiley Online Library}
}

@article{tasimi2017differences,
  title={Differences in the evaluation of generic statements about human and non-human categories},
  author={Tasimi, Arber and Gelman, Susan A and Cimpian, Andrei and Knobe, Joshua},
  journal={Cognitive Science},
  volume={41},
  number={7},
  pages={1934--1957},
  year={2017},
  doi={10.1111/cogs.12440},
  publisher={Wiley Online Library}
}

@article{leslie2011all,
  title={Do all ducks lay eggs? The generic overgeneralization effect},
  author={Leslie, Sarah-Jane and Khemlani, Sangeet and Glucksberg, Sam},
  journal={Journal of Memory and Language},
  volume={65},
  number={1},
  pages={15--31},
  year={2011},
  publisher={Elsevier},
  doi={10.1016/j.jml.2010.12.005}
}

@article{suh2006extracting,
  title={Extracting Generic Statements for the Semantic Web},
  author={Suh, Sangweon},
  journal={Master's thesis, University of Edinburgh},
  year={2006},
  publisher={Citeseer}
}

@misc{rivm_2019, title={Ziekte van Lyme}, url={https://www.rivm.nl/ziekte-van-lyme}, journal={Ziekte van Lyme}, author={RIVM}, year={2019}, month={Oct}}